{"btc_usd":[{"type":"ask","price":30000.1,"amount":0.00016902,"tid":205394980,"timestamp":1682949764},{"type":"ask","price":30000.1,"amount":0.00010123,"tid":205394979,"timestamp":1682947667},{"type":"bid","price":30297.8,"amount":0.0001114,"tid":205394978,"timestamp":1682946568},{"type":"bid","price":30297.89958,"amount":0.00136874,"tid":205394977,"timestamp":1682945850},{"type":"bid","price":30297.8,"amount":0.0006,"tid":205394976,"timestamp":1682945849},{"type":"bid","price":30297.89982,"amount":0.00055519,"tid":205394975,"timestamp":1682945733},{"type":"bid","price":30297.8,"amount":0.0006,"tid":205394974,"timestamp":1682945733},{"type":"bid","price":30239.9,"amount":0.00019401,"tid":205394973,"timestamp":1682941983},{"type":"ask","price":30239.9,"amount":0.00036918,"tid":205394972,"timestamp":1682941851},{"type":"ask","price":30239.9,"amount":0.00036918,"tid":205394971,"timestamp":1682941833},{"type":"ask","price":30239.9,"amount":0.00036918,"tid":205394970,"timestamp":1682941822},{"type":"ask","price":30239.9,"amount":0.00033201,"tid":205394969,"timestamp":1682941809},{"type":"bid","price":30239.9,"amount":0.0006,"tid":205394968,"timestamp":1682941809},{"type":"ask","price":30000,"amount":0.1045,"tid":205394967,"timestamp":1682940950},{"type":"ask","price":30000,"amount":0.00062049,"tid":205394966,"timestamp":1682940030},{"type":"ask","price":30000,"amount":0.0066,"tid":205394965,"timestamp":1682938426},{"type":"ask","price":30000,"amount":0.00032459,"tid":205394964,"timestamp":1682937411},{"type":"bid","price":30300.09959,"amount":0.00116284,"tid":205394963,"timestamp":1682932394},{"type":"bid","price":30300.79989,"amount":0.000132,"tid":205394962,"timestamp":1682931877},{"type":"ask","price":30299.73999333,"amount":0.0001,"tid":205394961,"timestamp":1682931508},{"type":"ask","price":30000,"amount":0.00018,"tid":205394960,"timestamp":1682926050},{"type":"bid","price":30024.13777874,"amount":0.00173197,"tid":205394959,"timestamp":1682924524},{"type":"ask","price":30000,"amount":0.00012935,"tid":205394958,"timestamp":1682923399},{"type":"bid","price":30024.49807272,"amount":0.00018419,"tid":205394957,"timestamp":1682921365},{"type":"ask","price":30000,"amount":0.00038833,"tid":205394956,"timestamp":1682920440},{"type":"ask","price":30000,"amount":0.00019496,"tid":205394955,"timestamp":1682919854},{"type":"ask","price":30000,"amount":0.00010257,"tid":205394954,"timestamp":1682918634},{"type":"ask","price":30000,"amount":0.00010123,"tid":205394953,"timestamp":1682911859},{"type":"ask","price":30000,"amount":0.12276997,"tid":205394952,"timestamp":1682905905},{"type":"ask","price":30000,"amount":0.00012123,"tid":205394951,"timestamp":1682905905},{"type":"ask","price":30000.00000001,"amount":0.00018484,"tid":205394950,"timestamp":1682905905},{"type":"ask","price":30000.0000001,"amount":0.00023239,"tid":205394949,"timestamp":1682905905},{"type":"ask","price":30000.9,"amount":0.00020761,"tid":205394948,"timestamp":1682905905},{"type":"ask","price":30000.9,"amount":0.00011896,"tid":205394947,"timestamp":1682905905},{"type":"ask","price":30001.9,"amount":0.00186787,"tid":205394946,"timestamp":1682905905},{"type":"ask","price":30001.9,"amount":0.00060316,"tid":205394945,"timestamp":1682905905},{"type":"ask","price":30001.90001,"amount":0.01521298,"tid":205394944,"timestamp":1682905905},{"type":"ask","price":30001.90001,"amount":0.01554274,"tid":205394943,"timestamp":1682905905},{"type":"bid","price":30200.9,"amount":0.00139051,"tid":205394942,"timestamp":1682905892},{"type":"bid","price":30200.9,"amount":0.00065862,"tid":205394941,"timestamp":1682905883},{"type":"bid","price":30200.9,"amount":0.00020765,"tid":205394940,"timestamp":1682905883},{"type":"bid","price":30200.9,"amount":0.00012371,"tid":205394939,"timestamp":1682905882},{"type":"bid","price":30200.9,"amount":0.00139051,"tid":205394938,"timestamp":1682905882},{"type":"bid","price":30200.9,"amount":0.00033044,"tid":205394937,"timestamp":1682905881},{"type":"bid","price":30200.9,"amount":0.00066089,"tid":205394936,"timestamp":1682905881},{"type":"bid","price":30200.9,"amount":0.00033044,"tid":205394935,"timestamp":1682905881},{"type":"bid","price":30200.9,"amount":0.00122546,"tid":205394934,"timestamp":1682905881},{"type":"bid","price":30200.9,"amount":0.00033045,"tid":205394933,"timestamp":1682905881},{"type":"bid","price":30200.9,"amount":0.0006609,"tid":205394932,"timestamp":1682905881},{"type":"bid","price":30200.9,"amount":0.00033045,"tid":205394931,"timestamp":1682905881},{"type":"ask","price":30200.9,"amount":0.00018152,"tid":205394930,"timestamp":1682905880},{"type":"ask","price":30200.9,"amount":0.00033308,"tid":205394929,"timestamp":1682905880},{"type":"ask","price":30200.90058,"amount":0.00955273,"tid":205394928,"timestamp":1682905880},{"type":"ask","price":30274.70238095,"amount":0.00055222,"tid":205394927,"timestamp":1682905880},{"type":"ask","price":30307,"amount":0.0013,"tid":205394926,"timestamp":1682905880},{"type":"ask","price":30334.61886511,"amount":0.00148084,"tid":205394925,"timestamp":1682905877},{"type":"ask","price":30334.61920511,"amount":0.01413279,"tid":205394924,"timestamp":1682905877},{"type":"ask","price":30334.61921511,"amount":0.00588307,"tid":205394923,"timestamp":1682905877},{"type":"ask","price":30334.61921511,"amount":0.00035,"tid":205394922,"timestamp":1682905876},{"type":"ask","price":30425.02492522,"amount":0.00016834,"tid":205394921,"timestamp":1682905516},{"type":"ask","price":30425.02492522,"amount":0.00011136,"tid":205394920,"timestamp":1682905461},{"type":"ask","price":30455,"amount":0.00023864,"tid":205394919,"timestamp":1682905461},{"type":"ask","price":30471.12465001,"amount":0.000105,"tid":205394918,"timestamp":1682905250},{"type":"ask","price":30471.12465001,"amount":0.00008355,"tid":205394917,"timestamp":1682905160},{"type":"ask","price":30500,"amount":0.00011427,"tid":205394916,"timestamp":1682905160},{"type":"ask","price":30516.8,"amount":0.00015218,"tid":205394915,"timestamp":1682905160},{"type":"ask","price":30516.8,"amount":0.00035,"tid":205394914,"timestamp":1682905150},{"type":"ask","price":30516.2,"amount":0.00023453,"tid":205394913,"timestamp":1682893351},{"type":"ask","price":30516.10011,"amount":0.0001,"tid":205394912,"timestamp":1682890670},{"type":"bid","price":30999.7,"amount":0.00016129,"tid":205394911,"timestamp":1682889943},{"type":"ask","price":30516.1,"amount":0.00027463,"tid":205394910,"timestamp":1682889640},{"type":"bid","price":30888.8,"amount":0.00019128,"tid":205394909,"timestamp":1682889619},{"type":"ask","price":30607.57074321,"amount":0.00385382,"tid":205394908,"timestamp":1682888345},{"type":"bid","price":30999.79899872,"amount":0.00438005,"tid":205394907,"timestamp":1682888265},{"type":"bid","price":30999.69999998,"amount":0.0001608,"tid":205394906,"timestamp":1682888265},{"type":"bid","price":30999.6,"amount":0.0006,"tid":205394905,"timestamp":1682888264},{"type":"ask","price":30607.56886321,"amount":0.0001535,"tid":205394904,"timestamp":1682887247},{"type":"ask","price":30607.56750321,"amount":0.00224,"tid":205394903,"timestamp":1682886472},{"type":"ask","price":30607.56744321,"amount":0.005,"tid":205394902,"timestamp":1682886438},{"type":"ask","price":30607.56741321,"amount":0.005,"tid":205394901,"timestamp":1682886419},{"type":"ask","price":30745.20152946,"amount":0.00012791,"tid":205394900,"timestamp":1682886282},{"type":"ask","price":30745.20152946,"amount":0.0000623,"tid":205394899,"timestamp":1682885466},{"type":"ask","price":30745.3,"amount":0.00047476,"tid":205394898,"timestamp":1682885466},{"type":"ask","price":30745.90244,"amount":0.00345808,"tid":205394897,"timestamp":1682879638},{"type":"ask","price":30746,"amount":0.0006,"tid":205394896,"timestamp":1682879638},{"type":"ask","price":30746,"amount":0.0006,"tid":205394895,"timestamp":1682879073},{"type":"ask","price":30746,"amount":0.00007521,"tid":205394894,"timestamp":1682879073},{"type":"ask","price":30746,"amount":0.00010123,"tid":205394893,"timestamp":1682879004},{"type":"ask","price":30746,"amount":0.00032524,"tid":205394892,"timestamp":1682878962},{"type":"bid","price":31500,"amount":0.00682649,"tid":205394891,"timestamp":1682876088},{"type":"bid","price":31500,"amount":0.001,"tid":205394890,"timestamp":1682876088},{"type":"bid","price":31500,"amount":0.00011109,"tid":205394889,"timestamp":1682876088},{"type":"bid","price":31499.99999999,"amount":0.00017674,"tid":205394888,"timestamp":1682876088},{"type":"bid","price":31400,"amount":0.0001,"tid":205394887,"timestamp":1682876088},{"type":"bid","price":31321.86559679,"amount":0.00015714,"tid":205394886,"timestamp":1682876087},{"type":"bid","price":31228,"amount":0.00028655,"tid":205394885,"timestamp":1682876087},{"type":"bid","price":31227.9,"amount":0.0006,"tid":205394884,"timestamp":1682876087},{"type":"bid","price":30800.1,"amount":0.00059995,"tid":205394883,"timestamp":1682875499},{"type":"bid","price":30800.1,"amount":0.0006,"tid":205394882,"timestamp":1682875452},{"type":"bid","price":30800.1,"amount":0.00015169,"tid":205394881,"timestamp":1682875413},{"type":"ask","price":30800.1,"amount":0.0006,"tid":205394880,"timestamp":1682875412},{"type":"ask","price":30745.30014003,"amount":0.00000382,"tid":205394879,"timestamp":1682875070},{"type":"ask","price":30745.4,"amount":0.0006,"tid":205394878,"timestamp":1682875070},{"type":"ask","price":30745.3,"amount":0.00014032,"tid":205394877,"timestamp":1682874056},{"type":"bid","price":31228,"amount":0.02982066,"tid":205394876,"timestamp":1682873486},{"type":"bid","price":31225,"amount":0.005,"tid":205394875,"timestamp":1682873486},{"type":"bid","price":31224.9,"amount":0.00017934,"tid":205394874,"timestamp":1682873486},{"type":"ask","price":30850.00001,"amount":0.00038897,"tid":205394873,"timestamp":1682873021},{"type":"ask","price":30745,"amount":0.00016456,"tid":205394872,"timestamp":1682872756},{"type":"ask","price":30850,"amount":0.00011,"tid":205394871,"timestamp":1682872206},{"type":"ask","price":30850,"amount":0.00020815,"tid":205394870,"timestamp":1682872205},{"type":"ask","price":30850,"amount":0.00010327,"tid":205394869,"timestamp":1682872205},{"type":"ask","price":30850,"amount":0.00010247,"tid":205394868,"timestamp":1682872204},{"type":"ask","price":30850,"amount":0.00020241,"tid":205394867,"timestamp":1682872204},{"type":"bid","price":31227.9,"amount":0.00055159,"tid":205394866,"timestamp":1682870262},{"type":"ask","price":31227.99990001,"amount":0.00010692,"tid":205394865,"timestamp":1682869605},{"type":"bid","price":31228,"amount":0.0006,"tid":205394864,"timestamp":1682869330},{"type":"bid","price":31228,"amount":0.13887345,"tid":205394863,"timestamp":1682869284},{"type":"bid","price":31227.9999,"amount":0.00112634,"tid":205394862,"timestamp":1682869283},{"type":"bid","price":31227.9999,"amount":0.00015102,"tid":205394861,"timestamp":1682869133},{"type":"bid","price":31227.9999,"amount":0.00022415,"tid":205394860,"timestamp":1682869133},{"type":"bid","price":31200,"amount":0.005,"tid":205394859,"timestamp":1682868613},{"type":"bid","price":31091.55840002,"amount":0.00039179,"tid":205394858,"timestamp":1682868028},{"type":"bid","price":31091.552,"amount":0.0012,"tid":205394857,"timestamp":1682868028},{"type":"bid","price":31000,"amount":0.00011779,"tid":205394856,"timestamp":1682868004},{"type":"bid","price":30993.8,"amount":0.00023544,"tid":205394855,"timestamp":1682867990},{"type":"bid","price":30983.57790368,"amount":0.00038836,"tid":205394854,"timestamp":1682867971},{"type":"bid","price":30983.50115001,"amount":0.00030741,"tid":205394853,"timestamp":1682867971},{"type":"bid","price":30943.63094362,"amount":0.00024895,"tid":205394852,"timestamp":1682867907},{"type":"bid","price":30897.28501614,"amount":0.00023129,"tid":205394851,"timestamp":1682867852},{"type":"bid","price":30897.28501614,"amount":0.0003059,"tid":205394850,"timestamp":1682867852},{"type":"bid","price":30888.88888888,"amount":0.01364241,"tid":205394849,"timestamp":1682867825},{"type":"bid","price":30888.8,"amount":0.0006,"tid":205394848,"timestamp":1682867825},{"type":"bid","price":30888.88888888,"amount":0.11015965,"tid":205394847,"timestamp":1682867065},{"type":"bid","price":30888.41722095,"amount":0.00015513,"tid":205394846,"timestamp":1682867065},{"type":"bid","price":30888.41715095,"amount":0.0138306,"tid":205394845,"timestamp":1682867065},{"type":"bid","price":30888.41714095,"amount":0.01209847,"tid":205394844,"timestamp":1682867065},{"type":"bid","price":30868.499999,"amount":0.00058858,"tid":205394843,"timestamp":1682867028},{"type":"bid","price":30868.2,"amount":0.00182272,"tid":205394842,"timestamp":1682867028},{"type":"bid","price":30868.09999998,"amount":0.00015455,"tid":205394841,"timestamp":1682867028},{"type":"bid","price":30868,"amount":0.0006,"tid":205394840,"timestamp":1682867028},{"type":"bid","price":30850.8,"amount":0.00022863,"tid":205394839,"timestamp":1682867009},{"type":"bid","price":30850.79939,"amount":0.00088645,"tid":205394838,"timestamp":1682866894},{"type":"bid","price":30850.7994,"amount":0.00266982,"tid":205394837,"timestamp":1682866890},{"type":"bid","price":30850.7994,"amount":0.0155047,"tid":205394836,"timestamp":1682866890},{"type":"bid","price":30850.79939,"amount":0.01191406,"tid":205394835,"timestamp":1682866890},{"type":"bid","price":30850.79939,"amount":0.01398578,"tid":205394834,"timestamp":1682866890},{"type":"bid","price":30850.7,"amount":0.0006,"tid":205394833,"timestamp":1682866890},{"type":"bid","price":30215.10016002,"amount":0.00007553,"tid":205394832,"timestamp":1682861439},{"type":"bid","price":30215.10016002,"amount":0.00146689,"tid":205394831,"timestamp":1682861438}]}